 @online{ref01,
	title={Was ist SAFe},
	author={Piikkila, J.},
	year={2023},
	url={https://www.atlassian.com/de/agile/agile-at-scale/what-is-safe},
	urldate={2023-04-19},
	publisher={Atlassian},
	organization={Atlassian}
}

 @online{ref02,
	title={Scaled Agile Framework},
	author={Knaster, R.},
	year={2023},
	url={https://scaledagileframework.com},
	urldate={2023-04-19},
	publisher={Scaled Agile},
	organization={Scaled Agile}
}

 @online{ref03,
	title={What are Agile Release Trains?},
	author={Peterson, E.},
	year={2022},
	url={https://www.planview.com/de/resources/guide/what-is-agile-program-management/agile-release-trains},
	urldate={2023-04-19},
	publisher={Planview},
	organization={Planview}
}

 @online{ref04,
	title={Understanding incident metrics},
	author={Atlassian},
	year={2023},
	url={https://www.atlassian.com/incident-management/kpis/common-metrics},
	urldate={2023-04-19},
	publisher={Atlassian},
	organization={Atlassian}
}

 @online{ref05,
	title={MTTR vs. MTTA vs. MTBF: A Complete Set of Common Incident Management Metrics},
	author={Amaro, B.},
	year={2022},
	url={https://sciencelogic.com/blog/mttr-vs-mttar-vs-mttd-incident-management-metrics},
	urldate={2023-04-19},
	publisher={ScienceLogic},
	organization={ScienceLogic}
}

 @online{ref06,
	title={Was ist die Mean-Time-To-Repair (MTTR)?},
	author={Splunk},
	year={2019},
	url={https://www.splunk.com/de_de/data-insider/what-is-mean-time-to-repair.html},
	urldate={2023-04-19},
	publisher={Splunk},
	organization={Splunk}
}

 @online{ref07,
	title={Recovery Time Objective (RTO)},
	author={Kerner, S. M.},
	year={2021},
	url={https://www.computerweekly.com/de/definition/Recovery-Time-Objective-RTO},
	urldate={2023-04-19},
	publisher={ComputerWeekly.de},
	organization={ComputerWeekly.de}
}